@ARTICLE{a1,
author={Williams, M}, 
journal={Computing in Science Engineering},
title={Teaching scientific programming using Python}, 
year={2002}, 
month= December,}


@ARTICLE{a3, 
author={Hook, D and Kelly, D}, 
journal={Computing in Science Engineering}, title={Mutation Sensitivity Testing}, 
year={2009},
volume={PP}, 
number={99}, 
pages={1}, 
keywords={}, 
doi={10.1109/MCSE.2009.157}, 
ISSN={1521-9615},}

@ARTICLE{a4, 
author={Dubois, P.F.}, 
journal={Computing in Science Engineering}, title={Designing scientific components}, 
year={2002}, 
month=sep/oct, 
volume={4}, 
number={5}, 
pages={ 84 - 90}, 
keywords={ business programmers; programming errors; scientific components design; scientific programmers; programming;}, 
doi={10.1109/MCISE.2002.1032434}, 
ISSN={1521-9615},}

@mastersthesis{a2,
    author = {Hook, Daniel},
    citeulike-article-id = {6113608},
    day = {22},
    month = apr,
    posted-at = {2009-11-15 21:16:45},
    priority = {2},
    school = {Queen's University},
    series = {Canadian theses},
    title = {{Using Code Mutation to Study Code Faults in Scientific Software}},
    year = {2009}
}

@MISC{a5,
      AUTHOR = "David Ketcheson",
      TITLE = "Nodepy: Numerical ODEs in Python",
      YEAR = 2010,
      HOWPUBLISHED = "\url{http://web.kaust.edu.sa/faculty/davidketcheson/NodePy/}"
}

